% This file was created with JabRef 2.9.2.
% Encoding: UTF8

@MISC{caoz,
  author = {4399 曹政},
  title = {解密中国互联网},
  owner = {guoyu},
  timestamp = {2013.12.04},
  url = {http://hi.baidu.com/ncaoz/item/6895b089a6cc71ded1f8cd4e}
}

@MISC{broken_window,
  author = {侯伯薇 ID：lingyun2005},
  title = {程序员应知—破窗与童子军军规},
  owner = {guoyu},
  timestamp = {2013.12.04},
  url = {http://blog.csdn.net/lingyun2005/article/details/5623666}
}

@MISC{The_Elements_of_User_Experience_cn,
  author = {一叶千鸟},
  title = {用户体验的要素PPT中文模型},
  month = {11},
  year = {2010},
  owner = {千鸟},
  timestamp = {2010.11.03},
  url = {http://blog.rexsong.com/?p=11672}
}

@MISC{codingnow_c,
  author = {云风},
  title = {C语言的前世今生},
  owner = {guoyu},
  timestamp = {2013.12.04},
  url = {http://blog.codingnow.com/2010/06/c_programming_language.html}
}

@MISC{poor_family,
  author = {永乐大帝二世},
  title = {寒门难再出贵子},
  owner = {guoyu},
  timestamp = {2013.12.04},
  url = {天涯论坛}
}

@MISC{chengmeng_immortal,
  author = {陈虻},
  title = {记录今天就是记录历史},
  owner = {guoyu},
  timestamp = {2013.12.04},
  url = {网络}
}

